@article{Rawlings1991,
  title = {{A new family of serine-type peptidases related to prolyl oligopeptidase.}},
  date = {1991 Nov 1},
  source = {Biochem J},
  authors = {Rawlings, ND and Polgar, L and Barrett, AJ},
  author = {Rawlings, ND and Polgar, L and Barrett, AJ},
  year = {1991},
  month = {Nov},
  journal = {Biochem J},
  volume = {279 ( Pt 3)},
  number = {},
  pages = {907-8},
  pubmed_id = {1953688},
}


@article{Barrett1992,
  title = {{Oligopeptidases, and the emergence of the prolyl oligopeptidase family.}},
  date = {1992 Jul},
  source = {Biol Chem Hoppe Seyler},
  authors = {Barrett, AJ and Rawlings, ND},
  author = {Barrett, AJ and Rawlings, ND},
  year = {1992},
  month = {Jul},
  journal = {Biol Chem Hoppe Seyler},
  volume = {373},
  number = {},
  pages = {353-60},
  pubmed_id = {1515061},
}


@article{Polgár1992,
  title = {{Prolyl endopeptidase and dipeptidyl peptidase IV are distantly related members of the same family of serine proteases.}},
  date = {1992 Jul},
  source = {Biol Chem Hoppe Seyler},
  authors = {Polgár, L and Szabo, E},
  author = {Polgár, L and Szabo, E},
  year = {1992},
  month = {Jul},
  journal = {Biol Chem Hoppe Seyler},
  volume = {373},
  number = {},
  pages = {361-6},
  pubmed_id = {1355343},
}


@article{Rawlings1994,
  title = {{Families of serine peptidases.}},
  date = {1994},
  source = {Methods Enzymol},
  authors = {Rawlings, ND and Barrett, AJ},
  author = {Rawlings, ND and Barrett, AJ},
  year = {1994},
  month = {},
  journal = {Methods Enzymol},
  volume = {244},
  number = {},
  pages = {19-61},
  pubmed_id = {7845208},
}


@article{Hopsu-Havu1966,
  title = {{A new dipeptide naphthylamidase hydrolyzing glycyl-prolyl-beta-naphthylamide.}},
  date = {1966},
  source = {Histochemie},
  authors = {Hopsu-Havu, VK and Glenner, GG},
  author = {Hopsu-Havu, VK and Glenner, GG},
  year = {1966},
  month = {},
  journal = {Histochemie},
  volume = {7},
  number = {},
  pages = {197-201},
  pubmed_id = {5959122},
}


@article{Abbott1994,
  title = {{Genomic organization, exact localization, and tissue expression of the human CD26 (dipeptidyl peptidase IV) gene.}},
  date = {1994},
  source = {Immunogenetics},
  authors = {Abbott, CA and Baker, E and Sutherland, GR and McCaughan, GW},
  author = {Abbott, CA and Baker, E and Sutherland, GR and McCaughan, GW},
  year = {1994},
  month = {},
  journal = {Immunogenetics},
  volume = {40},
  number = {},
  pages = {331-8},
  pubmed_id = {7927537},
}


@article{Böhm1995,
  title = {{Human dipeptidyl peptidase IV gene promoter: tissue-specific regulation from a TATA-less GC-rich sequence characteristic of a housekeeping gene promoter.}},
  date = {1995 Nov 1},
  source = {Biochem J},
  authors = {Böhm, SK and Gum, JR Jr and Erickson, RH and Hicks, JW and Kim, YS},
  author = {Böhm, SK and Gum, JR Jr and Erickson, RH and Hicks, JW and Kim, YS},
  year = {1995},
  month = {Nov},
  journal = {Biochem J},
  volume = {311 ( Pt 3)},
  number = {},
  pages = {835-43},
  pubmed_id = {7487939},
}


@article{Bär2003,
  title = {{Characterisation of human dipeptidyl peptidase IV expressed in Pichia pastoris. A structural and mechanistic comparison between the recombinant human and the purified porcine enzyme.}},
  date = {2003 Dec},
  source = {Biol Chem},
  authors = {Bär, J and Weber, A and Hoffmann, T and Stork, J and Wermann, M and Wagner, L and Aust, S and Gerhartz, B and Demuth, HU},
  author = {Bär, J and Weber, A and Hoffmann, T and Stork, J and Wermann, M and Wagner, L and Aust, S and Gerhartz, B and Demuth, HU},
  year = {2003},
  month = {Dec},
  journal = {Biol Chem},
  volume = {384},
  number = {},
  pages = {1553-63},
  pubmed_id = {14719797},
}


@article{Misumi1992,
  title = {{Molecular cloning and sequence analysis of human dipeptidyl peptidase IV, a serine proteinase on the cell surface.}},
  date = {1992 Jul 15},
  source = {Biochim Biophys Acta},
  authors = {Misumi, Y and Hayashi, Y and Arakawa, F and Ikehara, Y},
  author = {Misumi, Y and Hayashi, Y and Arakawa, F and Ikehara, Y},
  year = {1992},
  month = {Jul},
  journal = {Biochim Biophys Acta},
  volume = {1131},
  number = {},
  pages = {333-6},
  pubmed_id = {1352704},
}


@article{Hong_1990,
  doi = {10.1083/jcb.111.2.323},
  url = {https://doi.org/10.1083%2Fjcb.111.2.323},
  year = {1990},
  month = {aug},
  publisher = {Rockefeller University Press},
  volume = {111},
  number = {2},
  pages = {323--328},
  author = {W. J. Hong},
  title = {{Molecular dissection of the {NH}2-terminal signal/anchor sequence of rat dipeptidyl peptidase {IV}}},
  journal = {The Journal of Cell Biology},
}


@article{Song_2018,
  doi = {10.1093/bib/bby028},
  url = {https://doi.org/10.1093%2Fbib%2Fbby028},
  year = {2018},
  month = {apr},
  publisher = {Oxford University Press ({OUP})},
  author = {Jiangning Song and Yanan Wang and Fuyi Li and Tatsuya Akutsu and Neil D Rawlings and Geoffrey I Webb and Kuo-Chen Chou},
  title = {{{iProt}-Sub: a comprehensive package for accurately mapping and predicting protease-specific substrates and cleavage sites}},
  journal = {Briefings in Bioinformatics},
}


@article{Abbott_1999,
  doi = {10.1046/j.1432-1327.1999.00902.x},
  url = {https://doi.org/10.1046%2Fj.1432-1327.1999.00902.x},
  year = {1999},
  month = {dec},
  publisher = {Wiley},
  volume = {266},
  number = {3},
  pages = {798--810},
  author = {Catherine A. Abbott and Geoffrey W. McCaughan and Miriam T. Levy and W. Bret Church and Mark D. Gorrell},
  title = {{Binding to human dipeptidyl peptidase {IV} by adenosine deaminase and antibodies that inhibit ligand binding involves overlapping discontinuous sites on a predicted $\upbeta$ propeller domain}},
  journal = {European Journal of Biochemistry},
}


@article{Rasmussen2003,
  title = {{Crystal structure of human dipeptidyl peptidase IV/CD26 in complex with a substrate analog.}},
  date = {2003 Jan},
  source = {Nat Struct Biol},
  authors = {Rasmussen, HB and Branner, S and Wiberg, FC and Wagtmann, N},
  author = {Rasmussen, HB and Branner, S and Wiberg, FC and Wagtmann, N},
  year = {2003},
  month = {Jan},
  journal = {Nat Struct Biol},
  volume = {10},
  number = {},
  pages = {19-25},
  pubmed_id = {12483204},
}


@article{Thoma2003,
  title = {{Structural basis of proline-specific exopeptidase activity as observed in human dipeptidyl peptidase-IV.}},
  date = {2003 Aug},
  source = {Structure},
  authors = {Thoma, R and Löffler, B and Stihle, M and Huber, W and Ruf, A and Hennig, M},
  author = {Thoma, R and Löffler, B and Stihle, M and Huber, W and Ruf, A and Hennig, M},
  year = {2003},
  month = {Aug},
  journal = {Structure},
  volume = {11},
  number = {},
  pages = {947-59},
  pubmed_id = {12906826},
}


@article{Meng2010,
  title = {{Discovery of 6-(aminomethyl)-5-(2,4-dichlorophenyl)-7-methylimidazo[1,2-a]pyrimidine-2-carboxamides as potent, selective dipeptidyl peptidase-4 (DPP4) inhibitors.}},
  date = {2010 Aug 12},
  source = {J Med Chem},
  authors = {Meng, W and Brigance, RP and Chao, HJ and Fura, A and Harrity, T and Marcinkeviciene, J and O'Connor, SP and Tamura, JK and Xie, D and Zhang, Y and Klei, HE and Kish, K and Weigelt, CA and Turdi, H and Wang, A and Zahler, R and Kirby, MS and Hamann, LG},
  author = {Meng, W and Brigance, RP and Chao, HJ and Fura, A and Harrity, T and Marcinkeviciene, J and O'Connor, SP and Tamura, JK and Xie, D and Zhang, Y and Klei, HE and Kish, K and Weigelt, CA and Turdi, H and Wang, A and Zahler, R and Kirby, MS and Hamann, LG},
  year = {2010},
  month = {Aug},
  journal = {J Med Chem},
  volume = {53},
  number = {},
  pages = {5620-8},
  pubmed_id = {20684603},
}


@article{Chen2009,
  title = {{Glycoproteomics analysis of human liver tissue by combination of multiple enzyme digestion and hydrazide chemistry.}},
  date = {2009 Feb},
  source = {J Proteome Res},
  authors = {Chen, R and Jiang, X and Sun, D and Han, G and Wang, F and Ye, M and Wang, L and Zou, H},
  author = {Chen, R and Jiang, X and Sun, D and Han, G and Wang, F and Ye, M and Wang, L and Zou, H},
  year = {2009},
  month = {Feb},
  journal = {J Proteome Res},
  volume = {8},
  number = {},
  pages = {651-61},
  pubmed_id = {19159218},
}


@article{Hiramatsu2003,
  title = {{The structure and function of human dipeptidyl peptidase IV, possessing a unique eight-bladed beta-propeller fold.}},
  date = {2003 Mar 21},
  source = {Biochem Biophys Res Commun},
  authors = {Hiramatsu, H and Kyono, K and Higashiyama, Y and Fukushima, C and Shima, H and Sugiyama, S and Inaka, K and Yamamoto, A and Shimizu, R},
  author = {Hiramatsu, H and Kyono, K and Higashiyama, Y and Fukushima, C and Shima, H and Sugiyama, S and Inaka, K and Yamamoto, A and Shimizu, R},
  year = {2003},
  month = {Mar},
  journal = {Biochem Biophys Res Commun},
  volume = {302},
  number = {},
  pages = {849-54},
  pubmed_id = {12646248},
}


@article{Hornbeck2015,
  title = {{PhosphoSitePlus, 2014: mutations, PTMs and recalibrations.}},
  date = {2015 Jan},
  source = {Nucleic Acids Res},
  authors = {Hornbeck, PV and Zhang, B and Murray, B and Kornhauser, JM and Latham, V and Skrzypek, E},
  author = {Hornbeck, PV and Zhang, B and Murray, B and Kornhauser, JM and Latham, V and Skrzypek, E},
  year = {2015},
  month = {Jan},
  journal = {Nucleic Acids Res},
  volume = {43},
  number = {},
  pages = {D512-20},
  pubmed_id = {25514926},
}


@article{Mertins2014,
  title = {{Ischemia in tumors induces early and sustained phosphorylation changes in stress kinase pathways but does not affect global protein levels.}},
  date = {2014 Jul},
  source = {Mol Cell Proteomics},
  authors = {Mertins, P and Yang, F and Liu, T and Mani, DR and Petyuk, VA and Gillette, MA and Clauser, KR and Qiao, JW and Gritsenko, MA and Moore, RJ and Levine, DA and Townsend, R and Erdmann-Gilmore, P and Snider, JE and Davies, SR and Ruggles, KV and Fenyo, D and Kitchens, RT and Li, S and Olvera, N and Dao, F and Rodriguez, H and Chan, DW and Liebler, D and White, F and Rodland, KD and Mills, GB and Smith, RD and Paulovich, AG and Ellis, M and Carr, SA},
  author = {Mertins, P and Yang, F and Liu, T and Mani, DR and Petyuk, VA and Gillette, MA and Clauser, KR and Qiao, JW and Gritsenko, MA and Moore, RJ and Levine, DA and Townsend, R and Erdmann-Gilmore, P and Snider, JE and Davies, SR and Ruggles, KV and Fenyo, D and Kitchens, RT and Li, S and Olvera, N and Dao, F and Rodriguez, H and Chan, DW and Liebler, D and White, F and Rodland, KD and Mills, GB and Smith, RD and Paulovich, AG and Ellis, M and Carr, SA},
  year = {2014},
  month = {Jul},
  journal = {Mol Cell Proteomics},
  volume = {13},
  number = {},
  pages = {1690-704},
  pubmed_id = {24719451},
}


@article{Lundby2012,
  title = {{Proteomic analysis of lysine acetylation sites in rat tissues reveals organ specificity and subcellular patterns.}},
  date = {2012 Aug 30},
  source = {Cell Rep},
  authors = {Lundby, A and Lage, K and Weinert, BT and Bekker-Jensen, DB and Secher, A and Skovgaard, T and Kelstrup, CD and Dmytriyev, A and Choudhary, C and Lundby, C and Olsen, JV},
  author = {Lundby, A and Lage, K and Weinert, BT and Bekker-Jensen, DB and Secher, A and Skovgaard, T and Kelstrup, CD and Dmytriyev, A and Choudhary, C and Lundby, C and Olsen, JV},
  year = {2012},
  month = {Aug},
  journal = {Cell Rep},
  volume = {2},
  number = {},
  pages = {419-31},
  pubmed_id = {22902405},
}


@article{Weinert2013,
  title = {{Lysine succinylation is a frequently occurring modification in prokaryotes and eukaryotes and extensively overlaps with acetylation.}},
  date = {2013 Aug 29},
  source = {Cell Rep},
  authors = {Weinert, BT and Schölz, C and Wagner, SA and Iesmantavicius, V and Su, D and Daniel, JA and Choudhary, C},
  author = {Weinert, BT and Schölz, C and Wagner, SA and Iesmantavicius, V and Su, D and Daniel, JA and Choudhary, C},
  year = {2013},
  month = {Aug},
  journal = {Cell Rep},
  volume = {4},
  number = {},
  pages = {842-51},
  pubmed_id = {23954790},
}


@article{Ikushima_2000,
  doi = {10.1073/pnas.97.15.8439},
  url = {https://doi.org/10.1073%2Fpnas.97.15.8439},
  year = {2000},
  month = {jul},
  publisher = {Proceedings of the National Academy of Sciences},
  volume = {97},
  number = {15},
  pages = {8439--8444},
  author = {H. Ikushima and Y. Munakata and T. Ishii and S. Iwata and M. Terashima and H. Tanaka and S. F. Schlossman and C. Morimoto},
  title = {{Internalization of {CD}26 by mannose 6-phosphate/insulin-like growth factor {II} receptor contributes to T cell activation}},
  journal = {Proceedings of the National Academy of Sciences},
}


@article{Ishii_2001,
  doi = {10.1073/pnas.211439098},
  url = {https://doi.org/10.1073%2Fpnas.211439098},
  year = {2001},
  month = {oct},
  publisher = {Proceedings of the National Academy of Sciences},
  volume = {98},
  number = {21},
  pages = {12138--12143},
  author = {T. Ishii and K. Ohnuma and A. Murakami and N. Takasawa and S. Kobayashi and N. H. Dang and S. F. Schlossman and C. Morimoto},
  title = {{{CD}26-mediated signaling for T cell activation occurs in lipid rafts through its association with {CD}45RO}},
  journal = {Proceedings of the National Academy of Sciences},
}


@article{Fan_1997,
  doi = {10.1111/j.1432-1033.1997.00243.x},
  url = {https://doi.org/10.1111%2Fj.1432-1033.1997.00243.x},
  year = {1997},
  month = {may},
  publisher = {Wiley},
  volume = {246},
  number = {1},
  pages = {243--251},
  author = {Hua Fan and Wenmao Meng and Christiane Kilian and Sabine Grams and Werner Reutter},
  title = {{Domain-Specific N-Glycosylation of the Membrane Glycoprotein Dipeptidylpeptidase {IV} ({CD}26) Influences its Subcellular Trafficking Biological Stability, Enzyme Activity and Protein Folding}},
  journal = {European Journal of Biochemistry},
}


@article{Xia2008,
  title = {{Phosphoproteomic analysis of human brain by calcium phosphate precipitation and mass spectrometry.}},
  date = {2008 Jul},
  source = {J Proteome Res},
  authors = {Xia, Q and Cheng, D and Duong, DM and Gearing, M and Lah, JJ and Levey, AI and Peng, J},
  author = {Xia, Q and Cheng, D and Duong, DM and Gearing, M and Lah, JJ and Levey, AI and Peng, J},
  year = {2008},
  month = {Jul},
  journal = {J Proteome Res},
  volume = {7},
  number = {},
  pages = {2845-51},
  pubmed_id = {18510355},
}


@article{Ogata_1992,
  doi = {10.1021/bi00124a019},
  url = {https://doi.org/10.1021%2Fbi00124a019},
  year = {1992},
  month = {mar},
  publisher = {American Chemical Society ({ACS})},
  volume = {31},
  number = {9},
  pages = {2582--2587},
  author = {Shigenori Ogata and Yoshio Misumi and Emiko Tsuji and Noboru Takami and Kimimitsu Oda and Yukio Ikehara},
  title = {{Identification of the active site residues in dipeptidyl peptidase {IV} by affinity labeling and site-directed mutagenesis}},
  journal = {Biochemistry},
}


@article{Bilodeau_2006,
  doi = {10.1111/j.1742-4658.2006.05125.x},
  url = {https://doi.org/10.1111%2Fj.1742-4658.2006.05125.x},
  year = {2006},
  month = {mar},
  publisher = {Wiley},
  volume = {273},
  number = {5},
  pages = {992--1003},
  author = {Nicolas Bilodeau and Annie Fiset and Guy G. Poirier and Suzanne Fortier and Marie-Claude Gingras and Josee N. Lavoie and Robert L Faure},
  title = {{Insulin-dependent phosphorylation of {DPP} {IV} in liver. Evidence for a role of compartmentalized c-Src}},
  journal = {{FEBS} Journal},
}


@article{Fan_2012,
  doi = {10.1016/j.ejcb.2011.06.001},
  url = {https://doi.org/10.1016%2Fj.ejcb.2011.06.001},
  year = {2012},
  month = {apr},
  publisher = {Elsevier {BV}},
  volume = {91},
  number = {4},
  pages = {265--273},
  author = {Hua Fan and Felista Lemnyui Tansi and Wilhelm Andreas Weihofen and Christoph Böttcher and Jing Hu and Jacobo Martinez and Wolfram Saenger and Werner Reutter},
  title = {{Molecular mechanism and structural basis of interactions of dipeptidyl peptidase {IV} with adenosine deaminase and human immunodeficiency virus type-1 transcription transactivator}},
  journal = {European Journal of Cell Biology},
}


@article{Volpert_1996,
  doi = {10.1210/en.137.9.3871},
  url = {https://doi.org/10.1210%2Fen.137.9.3871},
  year = {1996},
  month = {sep},
  publisher = {The Endocrine Society},
  volume = {137},
  number = {9},
  pages = {3871--3876},
  author = {O. Volpert},
  title = {{The insulin-like growth factor {II}/mannose 6-phosphate receptor is required for proliferin-induced angiogenesis}},
  journal = {Endocrinology},
}


@article{Chien_2004,
  doi = {10.1074/jbc.m406185200},
  url = {https://doi.org/10.1074%2Fjbc.m406185200},
  year = {2004},
  month = {sep},
  publisher = {American Society for Biochemistry {\&} Molecular Biology ({ASBMB})},
  volume = {279},
  number = {50},
  pages = {52338--52345},
  author = {Chia-Hui Chien and Li-Hao Huang and Chi-Yuan Chou and Yuan-Shou Chen and Yu-San Han and Gu-Gang Chang and Po-Huang Liang and Xin Chen},
  title = {{One Site Mutation Disrupts Dimer Formation in Human {DPP}-{IV} Proteins}},
  journal = {Journal of Biological Chemistry},
}


@article{Chien_2006,
  doi = {10.1021/bi060401c},
  url = {https://doi.org/10.1021%2Fbi060401c},
  year = {2006},
  month = {jun},
  publisher = {American Chemical Society ({ACS})},
  volume = {45},
  number = {23},
  pages = {7006--7012},
  author = {Chia-Hui Chien and Chia-Hua Tsai and Chun-Hung Lin and Chi-Yuan Chou and Xin Chen},
  title = {{Identification of Hydrophobic Residues Critical for {DPP}-{IV} Dimerization{\textdagger}}},
  journal = {Biochemistry},
}


@article{Ohnuma_2007,
  doi = {10.1074/jbc.m609157200},
  url = {https://doi.org/10.1074%2Fjbc.m609157200},
  year = {2007},
  month = {feb},
  publisher = {American Society for Biochemistry {\&} Molecular Biology ({ASBMB})},
  volume = {282},
  number = {13},
  pages = {10117--10131},
  author = {Kei Ohnuma and Masahiko Uchiyama and Tadanori Yamochi and Kunika Nishibashi and Osamu Hosono and Nozomu Takahashi and Shinichiro Kina and Hirotoshi Tanaka and Xin Lin and Nam H. Dang and Chikao Morimoto},
  title = {{Caveolin-1 Triggers T-cell Activation via {CD}26 in Association with {CARMA}1}},
  journal = {Journal of Biological Chemistry},
}


@article{Chung_2010,
  doi = {10.1002/pro.443},
  url = {https://doi.org/10.1002%2Fpro.443},
  year = {2010},
  month = {jun},
  publisher = {Wiley},
  volume = {19},
  number = {9},
  pages = {1627--1638},
  author = {Kuei-Min Chung and Jai-Hong Cheng and Ching-Shu Suen and Chih-Hsiang Huang and Cheng-Han Tsai and Li-Hao Huang and Yi-Rong Chen and Andrew H.-J. Wang and Weir-Torn Jiaang and Ming-Jing Hwang and Xin Chen},
  title = {{The dimeric transmembrane domain of prolyl dipeptidase {DPP}-{IV} contributes to its quaternary structure and enzymatic activities}},
  journal = {Protein Science},
}


@article{Kameoka_1993,
  doi = {10.1126/science.8101391},
  url = {https://doi.org/10.1126%2Fscience.8101391},
  year = {1993},
  month = {jul},
  publisher = {American Association for the Advancement of Science ({AAAS})},
  volume = {261},
  number = {5120},
  pages = {466--469},
  author = {J Kameoka and T Tanaka and Y Nojima and S. Schlossman and C Morimoto},
  title = {{Direct association of adenosine deaminase with a T cell activation antigen {CD}26}},
  journal = {Science},
}


@article{Fleischer_1994,
  doi = {10.1016/0167-5699(94)90316-6},
  url = {https://doi.org/10.1016%2F0167-5699%2894%2990316-6},
  year = {1994},
  month = {apr},
  publisher = {Elsevier {BV}},
  volume = {15},
  number = {4},
  pages = {180--184},
  author = {Bernhard Fleischer},
  title = {{{CD}26: a surface protease involved in T-cell activation}},
  journal = {Immunology Today},
}


@article{Oefner2003,
  title = {{High-resolution structure of human apo dipeptidyl peptidase IV/CD26 and its complex with 1-[([2-[(5-iodopyridin-2-yl)amino]-ethyl]amino)-acetyl]-2-cyano-(S)-pyrrolidine.}},
  date = {2003 Jul},
  source = {Acta Crystallogr D Biol Crystallogr},
  authors = {Oefner, C and D'Arcy, A and Mac, Sweeney A and Pierau, S and Gardiner, R and Dale, GE},
  author = {Oefner, C and D'Arcy, A and Mac, Sweeney A and Pierau, S and Gardiner, R and Dale, GE},
  year = {2003},
  month = {Jul},
  journal = {Acta Crystallogr D Biol Crystallogr},
  volume = {59},
  number = {},
  pages = {1206-12},
  pubmed_id = {12832764},
}
